<?xml version="1.0" encoding="UTF-8"?><record xmlns="http://www.loc.gov/MARC21/slim" xmlns:cinclude="http://apache.org/cocoon/include/1.0" xmlns:zs="http://www.loc.gov/zing/srw/">
  <leader>00478cz  a2200145n  4500</leader>
  <controlfield tag="001">n  86107124 </controlfield>
  <controlfield tag="003">DLC</controlfield>
  <controlfield tag="005">20090318080248.0</controlfield>
  <controlfield tag="008">861003n| acannaabn          |a ana      </controlfield>
  <datafield tag="010" ind1=" " ind2=" ">
    <subfield code="a">n  86107124 </subfield>
  </datafield>
  <datafield tag="035" ind1=" " ind2=" ">
    <subfield code="a">(OCoLC)oca01733766</subfield>
  </datafield>
  <datafield tag="040" ind1=" " ind2=" ">
    <subfield code="a">DLC</subfield>
    <subfield code="b">eng</subfield>
    <subfield code="c">DLC</subfield>
    <subfield code="d">DLC</subfield>
    <subfield code="d">OCoLC</subfield>
  </datafield>
  <datafield tag="110" ind1="2" ind2=" ">
    <subfield code="a">GI-Fachgruppe "Graphische Systeme"</subfield>
  </datafield>
  <datafield tag="410" ind1="2" ind2=" ">
    <subfield code="a">Gesellschaft fuĚr Informatik.</subfield>
    <subfield code="b">GI-Fachgruppe "Graphische Systeme"</subfield>
  </datafield>
  <datafield tag="670" ind1=" " ind2=" ">
    <subfield code="a">Graphik in Dokumenten, c1986:</subfield>
    <subfield code="b">t.p. (GI-Fachgruppe "Graphische Systeme")</subfield>
  </datafield>
</record>